@article{mason2016mdi,
  title={MDI-GPU: accelerating integrative modelling for genomic-scale data using GP-GPU computing},
  author={Mason, Samuel A and Sayyid, Faiz and Kirk, Paul DW and Starr, Colin and Wild, David L},
  journal={Statistical applications in genetics and molecular biology},
  volume={15},
  number={1},
  pages={83--86},
  year={2016},
  publisher={De Gruyter}
}

@article{bardenet2017markov,
  title={On Markov chain Monte Carlo methods for tall data},
  author={Bardenet, R{\'e}mi and Doucet, Arnaud and Holmes, Chris},
  journal={The Journal of Machine Learning Research},
  volume={18},
  number={1},
  pages={1515--1557},
  year={2017},
  publisher={JMLR. org}
}

@article{betancourt2017conceptual,
  title={A conceptual introduction to Hamiltonian Monte Carlo},
  author={Betancourt, Michael},
  journal={arXiv preprint arXiv:1701.02434},
  year={2017}
}

@Manual{dowle2019data,
    title = {data.table: Extension of `data.frame`},
    author = {Matt Dowle and Arun Srinivasan},
    year = {2019},
    note = {R package version 1.12.0},
    url = {https://CRAN.R-project.org/package=data.table},
  }

@Manual{kolde2019pheatmap,
    title = {pheatmap: Pretty Heatmaps},
    author = {Raivo Kolde},
    year = {2019},
    note = {R package version 1.0.12},
    url = {https://CRAN.R-project.org/package=pheatmap},
  }

@Manual{neuwirth2014rcolorbrewer,
    title = {RColorBrewer: ColorBrewer Palettes},
    author = {Erich Neuwirth},
    year = {2014},
    note = {R package version 1.1-2},
    url = {https://CRAN.R-project.org/package=RColorBrewer},
  }
